@BOOK{ObchTech93,
    title = "Обчислювальна і прикладна математика: Зб.наук.пр.",
    address   = "К.",
    publisher = "Либідь",
    year = 1993,
    numpages = 99,
    language = "ukrainian"
}