@DSciTHESIS{KIA95-default,
  author = "Котельников, Игорь Александрович",
  title = "Теория магнитного удержания двухкомпонентной плазмы 
      в открытых ловушках",
  number = "01.04.08",
  school = "Ин-т ядерной физики им.\ Г.~И. Будкера СО РАН",
  address   = "Новосибирск",
  year = 1995,
  numpages = 350,
  language = "russian"
}
