@BOOK{CatalogMamals81,
    title = {Каталог млекопитающих СССР. 
      Плиоцен "--- современность},
    organization = "АН СССР, Зоол.\ ин-т",
    editor = "И. М. Громова and Г. И. Барановой",
    address   = "Л.",
    publisher = "Наука, Ленинг.\ отд-ние",
    year = 1981,
    numpages = 456,
    language = "russian"
}

