@BOOK{Vasylenko92,
    author = "Василенко, М. В.",
    title = "Теорія коливань: Навчальний посібник",
    address = "К.",
    publisher = "Вища школа",
    year = 1992,
    numpages = 430,
    language = "ukrainian"
}
