@PHDTHESIS{Luus82,
  author = "Луус, Роман  Аркадьевич",
  title = "Исследование оборудования с пневмовакуумным 
    приводом для захвата, перемещения и фиксации 
    при обработке пористых и легкоповреждаемых 
    строительных изделий",
  type = "Дисссертация на соискание ученой степени кандидата технических наук",
  number = "05.05.04",
  school = "Моск.\ строит.\ ин-т",
  address   = "М.",
  year = 1982,
  numpages = 212,
  language = "russian"
}
