@BOOK{Vasylenko92,
    author = "Василенко, М. В.",
    title = "Теор╕я коливань: Навчальний пос╕бник",
    address = "К.",
    publisher = "Вища школа",
    year = 1992,
    numpages = 430,
    language = "ukrainian"
}
