@BOOK{Ponomarenko86,
  title = "Основы создания гибких атоматизированных производств",
  author = "Л. А. Пономаренко and Л. В. Адамович 
    and В. Т. Музычук and  А. Е. Гридасов",
  editor = "Б. Б. Тимофеева",
  address   = "К.",
  publisher = "Техн╕ка",
  year = 1986,
  numpages = 144,
  language = "russian"
}
