@BOOK{BibOp91,
    title = "Составление библиографического описания: 
      Краткие правила",
    organization = "Междувед. каталогизац. комис. 
      при Гос. б-ке СССР им.~В.~И. Ленина",
    edition = "2-е, доп.",
    address   = "М.",
    publisher = "Изд-во <<Кн.~палата>>",
    year = 1991,
    numpages = 224,
    language = "russian"
}
