@BOOK{ObchTech93,
    title = "Обчислювальна ╕ прикладна математика: Зб.наук.пр.",
    address   = "К.",
    publisher = "Либ╕дь",
    year = 1993,
    numpages = 99,
    language = "ukrainian"
}

