@BOOK{Bibdelo86,
    title = "Библиотечное дело: Терминол.словарь",
    composer = "И. М. Суслова  and Л. Н. Уланова",
    edition = "2-е изд.",
    address   = "М.",
    publisher = "Книга",
    year = 1986,
    numpages = 224,
    language = "russian"
}
