@INCOLLECTION{RosGaz,
    organization = "Российская Федерация. Законы",
    title = "Федеральный закон о внесении
    изменений и дополнений в Семейный кодекс Российской Федерации",
    booktitle = "Рос. газ",
    year = 1997,
    month = "19 нояб",
    pages = 4,
    language = "russian"
}
