 @INPROCEEDINGS{Gojchuk98,
 author="Гойчук, А. Ф.",
 title="Особливост╕ ет╕олог╕╖ ╕ патогенезу поперечного раку 
   дуба звичайного в Укра╖н╕",
 booktitle="Науковий в╕сник Нац╕онального 
   аграрного ун╕верситету",
 editor="Мельничука, Д. О. and others",
 address="К.",
 publisher="НАУ",
 year=1998,
 series="Вип. 8: Л╕с╕вництво",
 pages="168--173",
 language="ukrainian"}

 @INPROCEEDINGS{Polyakov98a,
 author="М. О. Поляков",
 title="Системний ефект агрегування л╕сос╕к в управл╕нн╕
 л╕совими ресурсами на рег╕ональному р╕вн╕",
 crossref="Gojchuk98",
 annote = "Розглянуто ефект агрегування елементарних
 господарських одиниць на розм╕р розрахунково╖ л╕сос╕ки.
 Запропоновано метод визначення максимально допустимого розм╕ру
 рубання за площею на р╕вн╕ рег╕ону в контекст╕ системи
 державного регулювання л╕сокористування для умов ринково╖
 економ╕ки",
 pages="213--220"}

 