@INPROCEEDINGS{TranskSpivrob99:Purich,
    author = "Пурич, Штефан",
    title = "{Р}умынско-{У}краинское трансграничное сотрудничество: 
      проблемы  и перспективы",
    language = "russian",
    booktitle = "Транскордонне сп╕вроб╕тництво у пол╕етн╕чних рег╕онах
      {С}х╕дно╖ та {П}╕вденно-{С}х╕дно╖ {╢}вропи: {М}атер╕али наукового
      симпоз╕уму",
    editor = "Макара, Ю.",
    address = "Черн╕вц╕",
    publisher = "Золот╕ литаври",
    organization = "Буковинський пол╕толог╕чний центр",
    year = 1999,
    numpages = 196,
    booklanguage = "ukrainian"
}
 