@PHDTHESIS{Polikarpov85,
  author = "Поликарпов, В. С.",
  title = "Философский анализ роли символов в научном познании",
  type = "Автореф. дис\ldots\ д-ра филос. наук: 09.00.08",
  school = "Моск. гос. пед. ин-т",
  address   = "М.",
  year = 1985,
  numpages = 35,
  language = "russian"
}
