@BOOK{Ponomarenko76,
  author = "Пономаренко, Л. А. and Буадзе, В. В.",
  title = "Математические модели и алгоритмы сбора 
    и обработки информации в АСУТП непрерывных 
    станов горячей прокатки",
  address   = "К.",
  year = 1976,
  numpages = 37,
  language = "russian",
  note = "(Препр./ АН Украины. Ин-т кибернетики; 76-76)"
}
