@REPORT{Report81b,
  title = {Проведение испытаний и исследований 
    теплотехнических свойств камер {КХС-2-12-ВЗ} 
    и {КХС-2-12-КЗІО}},
  organization = {Всесоюзн.заочн.ин-т пищ.пром-ти. 
    "--- ОЦО 102ТЭ; № ГР 800571; Инв. № В 119692},
  address   = "М.",
  type = "Отчет о {НИР}",
  year = 1981,
  numpages = 90,
  language = "russian"
}

@REPORT{Report81b-notype,
  title = {Проведение испытаний и исследований 
    теплотехнических свойств камер {КХС-2-12-ВЗ} 
    и {КХС-2-12-КЗІО}},
  organization = {Всесоюзн.заочн.ин-т пищ.пром-ти. 
    "--- ОЦО 102ТЭ; № ГР 800571; Инв. № В 119692},
  address   = "М.",
  year = 1981,
  numpages = 90,
  language = "russian"
}
%  type = "Отчет о {НИР}",
