@MISC{EXFOR,
  author       = {IAEA},
  title        = {{EXFOR}---Experimental Nuclear Reaction Data },
  url          = {http://www-nds.iaea.org/exfor},
  address      = {P.O. Box 100, Wagramer Strasse 5, A-1400 Vienna, Austria},
  year         = {2012}
}

@online{ wiki:latex,
   author = "Wikipedia",
   title = "LaTeX---Wikipedia{,} The Free Encyclopedia",
   year = "2012",
   url = "http://en.wikipedia.org/w/index.php?title=LaTeX&oldid=413720397",
   urldate = "16-January-2012"
}

@online{ phys:moodle,
  author = {Черкасский, В. С.},
  title = {Классная комната},
  year = 2012,
  url = {http://www.phys.nsu.ru/moodle/},
  urldate = "16.01.2012",
  language = "russian"
}
