@BOOK{IsaacNewton,
  author       = {Newton, Sir Isaac},
  title        = {Opticks, or a treatise of the reflections, 
                  refractions, inflections and colours of light},
  publisher    = {William Innys},
  url          = {http://books.google.com/books?id=XXu4AkRVBBoC},
  year         = {1730},
  numpages     = {382},
  eprint       = {XXu4AkRVBBoC},
  eprinttype   = {Google Books},
}
