@THESIS{KIA85-autoref,
  author       = {Котельников, Игорь Александрович},
  title        = {Теория магнитного удержания двухкомпонентной плазмы
                  в открытых ловушках},
  type         = {Автореф.\ дис.\ на соиск.\ учен.\ степ.\ д-ра физ.-мат.\ наук},
  number       = {01.04.08},
  institution  = {Ин-т ядерной физики им.\ Г.~И. Будкера СО РАН},
  address      = {Новосибирск},
  year         = {1995},
  pagetotal    = {17},
  language     = {russian},
}

