@THESIS{vishnyakov:thesis1,
  title        = {Модели и методы оценки коммерческих банков в условиях неопределенности},
  author       = {Вишняков, Илья Владимирович},
  year         = {2002},
  date         = {2002-02-04},
  langid       = {russian},
  language     = {russian},
  location     = {М.},
  speciality   = {экон. наук},
  number       = {08.00.13},
  pagetotal    = {234},
  titleaddon   = {защищена 12.02.02~: утв. 24.06.02},
}

@THESIS{vishnyakov:thesis2,
  title        = {Модели и методы оценки коммерческих банков в условиях неопределенности},
  author       = {Вишняков, Илья Владимирович},
  type         = {phdthesis},
  addendum     = {Библиогр.: с. 220---230.~--- 04200204433},
  _year         = {2002},
  date         = {2002-02-04},
  langid       = {russian},
  language     = {russian},
  location     = {М.},
  speciality     = {экон. наук},
  specialitycode = {08.00.13},
  media        = {text},
  pagetotal    = {234},
  titleaddon   = {защищена 12.02.02~: утв. 24.06.02},
}


@THESIS{Skvortsov:2008,
  title        = {Флуктуационные и интерференционные эффекты в мезоскопических системах},
  author       = {Скворцов, Михаил Андреевич},
  type         = {docthesis},
  _year         = {2008},
  institution  = {ИТФ им. Л.\,Д.~Ландау},
  langid       = {russian},
  language     = {russian},
  location     = {Черноголовка},
  speciality     = {физ.-мат. наук},
  specialitycode = {01.04.02},
  media        = {text},
  pagetotal    = {224},
}
